%% This BibTeX bibliography file was created using BibDesk.
%% http://bibdesk.sourceforge.net/

%% Created for josh at 2015-04-21 10:37:17 +0200 


%% Saved with string encoding Unicode (UTF-8) 


@comment{x-kbibtex-personnameformatting=<%l><, %f>}

@article{Luscher:1998sd,
      author         = "Luscher, R. and Farine, J. and Boehm, F. and Busto, J.
                        and Gabathuler, K. and others",
      title          = "{Search for beta beta decay in Xe-136: New results from
                        the Gotthard experiment}",
      journal        = "Phys.Lett.",
      volume         = "B434",
      pages          = "407-414",
      doi            = "10.1016/S0370-2693(98)00906-X",
      year           = "1998",
      SLACcitation   = "%%CITATION = PHLTA,B434,407;%%",
}

@article{Luscher:1998pq,
      author         = "Luscher, R.",
      title          = "{Search for beta beta in Xe-136: New data, analysis and
                        results from the Gotthard experiment}",
      collaboration  = "Caltech-PSI-Neuchatel",
      journal        = "Nucl.Phys.Proc.Suppl.",
      volume         = "66",
      pages          = "195-198",
      doi            = "10.1016/S0920-5632(98)00034-6",
      year           = "1998",
      SLACcitation   = "%%CITATION = NUPHZ,66,195;%%",
}
@article{Freitas:2010zza,
      author         = "Freitas, E.D.C. and Monteiro, C.M.B. and Ball, M. and
                        Gomez-Cadenas, J.J. and Lopes, J.A.M. and others",
      title          = "{Secondary scintillation yield in high-pressure xenon gas
                        for neutrinoless double beta decay (0nu beta beta)
                        search}",
      journal        = "Phys.Lett.",
      volume         = "B684",
      pages          = "205-210",
      doi            = "10.1016/j.physletb.2010.01.013",
      year           = "2010",
      SLACcitation   = "%%CITATION = PHLTA,B684,205;%%",
}

@article{NEXT_radiopurity,
	Author = {{\'A}lvarez, V. and others},
	Collaboration = {NEXT Collaboration},
	Date-Added = {2015-04-20 16:28:37 +0000},
	Date-Modified = {2015-04-20 16:28:37 +0000},
	Journal = {JINST},
	Pages = {T01002},
	Title = {{Radiopurity control in the NEXT-100 double beta decay experiment: procedures and initial measurements}},
	Volume = {8},
	Year = {2013}}

@article{GEANT4,
	Author = {Agostinelli, S. and others},
	Collaboration = {Geant4 Collaboration},
	Date-Added = {2015-04-09 09:38:42 +0000},
	Date-Modified = {2015-04-21 08:32:56 +0000},
	Journal = {Nucl. Instrum. Methods A},
	Keywords = {Simulation; Particle interactions; Geometrical modelling; Software engineering; Object-oriented technology; Distributed software development},
	Pages = {250--303},
	Title = {{Geant4---a simulation toolkit}},
	Volume = {506},
	Year = {2003},
	Bdsk-Url-1 = {http://dx.doi.org/10.1016/S0168-9002(03)01368-8}}

@article{Gomez-Cadenas:2015twa,
	Archiveprefix = {arXiv},
	Author = {G{\'o}mez-Cadenas, J.J. and Mart{\'\i}n-Albo, Justo},
	Date-Modified = {2015-04-21 08:28:22 +0000},
	Eprint = {1502.00581},
	Journal = {arXiv:1502.00581},
	Primaryclass = {hep-ex},
	Slaccitation = {%%CITATION = ARXIV:1502.00581;%%},
	Title = {{Phenomenology of neutrinoless double beta decay}},
	Year = {2015}}

@article{Gomez-Cadenas:2015bext,
	Archiveprefix = {arXiv},
	Author = {Gomez-Cadenas, J.J.},
	Date-Modified = {2015-04-21 08:32:36 +0000},
	Eprint = {1502.00581},
	Journal = {arXiv:1502.00581},
	Primaryclass = {hep-ex},
	Slaccitation = {%%CITATION = ARXIV:1502.00581;%%},
	Title = {{The search for neutrinoless double beta decay}},
	Year = {2015}}

@article{Nygren:2015mist,
	Archiveprefix = {arXiv},
	Author = {Nygren, D.},
	Eprint = {1502.00581},
	Primaryclass = {hep-ex},
	Slaccitation = {%%CITATION = ARXIV:1502.00581;%%},
	Title = {{Neutrino-less Double Beta Decay Search in Se-82: Ionization Imaging TPC with High-pressure SeF$_6$}},
	Year = {2015}}

@article{Gomez-Cadenas:2014dxa,
	Archiveprefix = {arXiv},
	Author = {Gomez-Cadenas, Juan Jose},
	Date-Modified = {2015-04-21 08:31:21 +0000},
	Eprint = {1411.2433},
	Journal = {arXiv:1411.2433},
	Primaryclass = {physics.ins-det},
	Slaccitation = {%%CITATION = ARXIV:1411.2433;%%},
	Title = {{The NEXT experiment}},
	Year = {2014}}

@article{Nebot-Guinot:2014raa,
	Archiveprefix = {arXiv},
	Author = {Nebot-Guinot, M. and Ferrario, P. and Martin-Albo, J. and Vidal, J. Mu{\~n}oz and G{\'o}mez-Cadenas, J.J.},
	Collaboration = {NEXT},
	Date-Modified = {2015-04-21 08:32:06 +0000},
	Eprint = {1410.6699},
	Journal = {arXiv:1410.6699},
	Primaryclass = {physics.ins-det},
	Slaccitation = {%%CITATION = ARXIV:1410.6699;%%},
	Title = {{Backgrounds and sensitivity of the NEXT double beta decay experiment}},
	Year = {2014}}

@article{GomezCadenas:2013ue,
	Archiveprefix = {arXiv},
	Author = {Gomez-Cadenas, J.J. and Martin-Albo, J. and Munoz Vidal, J. and Pena-Garay, C.},
	Date-Modified = {2015-04-21 08:26:27 +0000},
	Eprint = {1301.2901},
	Journal = {JCAP},
	Pages = {043},
	Primaryclass = {hep-ph},
	Slaccitation = {%%CITATION = ARXIV:1301.2901;%%},
	Title = {{Discovery potential of xenon-based neutrinoless double beta decay experiments in light of small angular scale CMB observations}},
	Volume = {1303},
	Year = {2013},
	Bdsk-Url-1 = {http://dx.doi.org/10.1088/1475-7516/2013/03/043}}

@article{NEXT_2013tracking,
	Author = {\'{A}lvarez, V.},
	Date-Added = {2015-02-27 14:25:33 +0000},
	Date-Modified = {2015-03-02 13:43:45 +0000},
	Journal = {JINST},
	Pages = {P09011},
	Title = {Operation and first results of the NEXT-DEMO prototype using a silicon photomultiplier tracking array},
	Volume = {8},
	Year = {2013}}

@article{NEXT_2013,
	Author = {{\'A}lvarez, V. and others},
	Collaboration = {NEXT Collaboration},
	Date-Added = {2015-02-26 08:32:03 +0000},
	Date-Modified = {2015-03-02 13:43:37 +0000},
	Journal = {Nucl. Instrum. Methods A},
	Keywords = {Xenon; Energy resolution; High-pressure; \{TPC\}; Electroluminescence; Neutrinoless double beta decay},
	Pages = {101--114},
	Title = {{Near-intrinsic energy resolution for 30--662 keV gamma rays in a high pressure xenon electroluminescent TPC}},
	Volume = {708},
	Year = {2013}}

@article{SNOPLUS_2014,
	Author = {Biller, S.},
	Collaboration = {SNO$+$ Collaboration},
	Date-Added = {2015-02-25 16:32:00 +0000},
	Date-Modified = {2015-02-25 16:33:36 +0000},
	Journal = {arXiv:1405.3401},
	Title = {{SNO$+$ with Tellurium}},
	Year = {2014}}

@article{CUORE_2015,
	Author = {Artusa, D. R. and others},
	Collaboration = {CUORE Collaboration},
	Date-Added = {2015-02-25 16:17:41 +0000},
	Date-Modified = {2015-02-25 16:21:16 +0000},
	Journal = {Advances in High Energy Physics},
	Pages = {879871},
	Title = {Searching for Neutrinoless Double-Beta Decay of ${}^{130}$Te with CUORE},
	Volume = {2015},
	Year = {2015}}

@article{NEXT_2014,
	Author = {{G{\'o}mez Cadenas}, J.J. and others},
	Collaboration = {NEXT Collaboration},
	Date-Added = {2015-02-25 15:44:44 +0000},
	Date-Modified = {2015-02-25 15:44:44 +0000},
	Journal = {Advances in High Energy Physics},
	Pages = {907067},
	Title = {{Present Status and Future Perspectives of the NEXT Experiment}},
	Volume = {2014},
	Year = {2014}}

@article{SuperNEMO_2010,
	Author = {Arnold, R. and others},
	Collaboration = {SuperNEMO Collaboration},
	Date-Added = {2015-02-25 15:43:36 +0000},
	Date-Modified = {2015-03-02 13:44:23 +0000},
	Journal = {Eur. Phys. J. C},
	Language = {English},
	Pages = {927--943},
	Publisher = {Springer-Verlag},
	Title = {{Probing new physics models of neutrinoless double beta decay with SuperNEMO}},
	Volume = {70},
	Year = {2010}}

@article{KamLANDZen_2013,
	Author = {Gando, A. and others},
	Collaboration = {KamLAND-Zen Collaboration},
	Date-Added = {2015-02-25 15:30:54 +0000},
	Date-Modified = {2015-03-02 13:45:38 +0000},
	Issue = {6},
	Journal = {Phys. Rev. Lett.},
	Numpages = {5},
	Pages = {062502},
	Publisher = {American Physical Society},
	Title = {{Limit on Neutrinoless $\beta\beta$ Decay of $^{136}\mathrm{Xe}$ from the First Phase of KamLAND-Zen and Comparison with the Positive Claim in $^{76}\mathrm{Ge}$}},
	Volume = {110},
	Year = {2013}}

@article{GERDA_2004,
	Author = {Abt, I. and others},
	Collaboration = {GERDA Collaboration},
	Date-Added = {2015-02-25 15:16:41 +0000},
	Date-Modified = {2015-02-25 15:46:22 +0000},
	Journal = {arXiv:hep-ex/0404039},
	Title = {{A New ${}^{76}$Ge Double Beta Decay Experiment at LNGS}},
	Year = {2004}}

@article{Bolotnikov,
	Author = {Bolotnikov, A. and Ramsey, B.},
	Date-Added = {2015-02-25 14:38:45 +0000},
	Date-Modified = {2015-02-25 14:38:45 +0000},
	Journal = {Nucl. Instrum. Methods A},
	Optauthor = {A. Bolotnikov and B. Ramsey},
	Optjournal = {Nucl. Instr. Meth. A},
	Optpages = {360--370},
	Opttitle = {The spectroscopic properties of high-pressure xenon},
	Optvolume = {396},
	Optyear = {1997},
	Pages = {360--370},
	Title = {{The spectroscopic properties of high-pressure xenon}},
	Volume = {396},
	Year = {1997}}

@article{Gomez_2013,
	Author = {G{\'o}mez-Cadenas, J.J. and Mart{\'\i}n-Albo, J. and Vidal, J. Mu{\~n}oz and Pe{\~n}a-Garay, C.},
	Date-Added = {2015-02-24 14:30:18 +0000},
	Date-Modified = {2015-02-24 14:30:18 +0000},
	Journal = {arXiv:1301.2901},
	Title = {{Discovery potential of xenon-based neutrinoless double beta decay experiments in light of small angular scale CMB observations}}}

@article{CUORE_2005,
	Author = {Ardito, R. and others},
	Collaboration = {CUORE Collaboration},
	Date-Added = {2015-02-24 14:30:06 +0000},
	Date-Modified = {2015-02-24 14:30:06 +0000},
	Journal = {arXiv:hep-ex/0501010v1},
	Title = {{CUORE: A Cryogenic Underground Observatory for Rare Events}},
	Year = {2005}}

@article{Cadenas_2012,
	Author = {G{\'o}mez-Cadenas, J. J. and Mart{\'\i}n-Albo, J. and Mezzetto, M. and Monrabal, F. and Sorel, M.},
	Date-Added = {2015-02-24 14:29:13 +0000},
	Date-Modified = {2015-04-21 08:27:29 +0000},
	Journal = {Riv. Nuovo Cim.},
	Misc = arxiv:1109.5515,
	Pages = {29--98},
	Title = {{The search for neutrinoless double beta decay}},
	Volume = {35},
	Year = {2012}}

@phdthesis{Dahl,
	Author = {Dahl, C. E.},
	Date-Added = {2015-02-24 14:29:07 +0000},
	Date-Modified = {2015-02-24 14:29:07 +0000},
	Month = {September},
	Optauthor = {C. E. Dahl},
	Optmonth = {September},
	Opttitle = {The physics of background discrimination in liquid xenon, and first results from Xenon10 in the hunt for WIMP dark matter},
	Optyear = {2009},
	School = {Princeton University},
	Title = {{The physics of background discrimination in liquid xenon, and first results from Xenon10 in the hunt for WIMP dark matter}},
	Year = {2009}}

@article{NEXT_CDR,
	Author = {{\'A}lvarez, V. and others},
	Collaboration = {NEXT Collaboration},
	Date-Added = {2015-02-24 14:28:58 +0000},
	Date-Modified = {2015-02-24 14:28:58 +0000},
	Journal = {arXiv:1106.3630},
	Title = {{The NEXT-100 experiment for $\beta\beta 0 \nu$ searches at {LSC} (Conceptual Design Report)}},
	Year = {2011}}

@article{MAJORANA_2013,
	Author = {Abgrall, N. and others},
	Collaboration = {Majorana Collaboration},
	Date-Added = {2015-02-24 14:28:45 +0000},
	Date-Modified = {2015-03-02 13:51:13 +0000},
	Journal = {arXiv:1308.1633},
	Title = {{The Majorana Demonstrator Neutrinoless Double-Beta Decay Experiment}},
	Year = {2013}}

@article{EXO_2012,
	Author = {Auger, M and others},
	Collaboration = {EXO Collaboration},
	Date-Added = {2015-02-24 14:28:39 +0000},
	Date-Modified = {2015-03-02 13:42:53 +0000},
	Journal = {JINST},
	Pages = {P05010},
	Title = {{The EXO-200 detector, part I: detector design and construction}},
	Volume = {7},
	Year = {2012}}

@article{Gomez_2011,
	Author = {G{\'o}mez-Cadenas, J.J. and Mart{\'\i}n-Albo, J. and Sorel, M. and Ferrario, P. and Monrabal, F. and Mu{\~n}oz, J. and Novella, P. and Poves, A.},
	Date-Added = {2015-02-24 14:28:12 +0000},
	Date-Modified = {2015-02-24 14:28:12 +0000},
	Journal = {Journal of Cosmology and Astroparticle Physics},
	Number = {06},
	Pages = {007},
	Title = {{Sense and sensitivity of double beta decay experiments}},
	Volume = {2011},
	Year = {2011}}

@article{Auger:2012ar,
	Archiveprefix = {arXiv},
	Author = {Auger, M. and others},
	Collaboration = {EXO Collaboration},
	Doi = {10.1103/PhysRevLett.109.032505},
	Eprint = {1205.5608},
	Journal = {Phys.\ Rev.\ Lett.},
	Pages = {032505},
	Primaryclass = {hep-ex},
	Slaccitation = {%%CITATION = ARXIV:1205.5608;%%},
	Title = {{Search for Neutrinoless Double-Beta Decay in $^{136}$Xe with EXO-200}},
	Volume = {109},
	Year = {2012},
	Bdsk-Url-1 = {http://dx.doi.org/10.1103/PhysRevLett.109.032505}}

@article{EXOPRL_2012,
	Author = {Auger, M. and others},
	Collaboration = {EXO Collaboration},
	Date-Added = {2015-02-24 14:28:01 +0000},
	Date-Modified = {2015-02-25 15:23:56 +0000},
	Issue = {3},
	Journal = {Phys. Rev. Lett.},
	Numpages = {6},
	Pages = {032505},
	Publisher = {American Physical Society},
	Title = {{Search for Neutrinoless Double-Beta Decay in Xe136 with EXO-200}},
	Volume = {109},
	Year = {2012}}

@article{GERDA_2013,
	Author = {Agostini, M. and others},
	Collaboration = {GERDA Collaboration},
	Date-Added = {2015-02-24 14:27:53 +0000},
	Date-Modified = {2015-02-25 15:46:12 +0000},
	Issue = {12},
	Journal = {Phys. Rev. Lett.},
	Numpages = {6},
	Pages = {122503},
	Publisher = {American Physical Society},
	Title = {{Results on Neutrinoless Double-$\beta$ Decay of ${}^{76}$Ge from Phase I of the GERDA Experiment}},
	Volume = {111},
	Year = {2013}}

@article{Elliot_2012,
	Author = {Elliott, Steven R.},
	Date-Added = {2015-02-24 14:27:09 +0000},
	Date-Modified = {2015-03-02 13:41:59 +0000},
	Journal = {Mod. Phys. Lett. A},
	Pages = {1230009},
	Title = {{Recent Progress in Double Beta Decay}},
	Volume = {27},
	Year = {2012}}

@manual{NIST_mac,
	Author = {Hubbell, J. H. and Seltzer, S. M.},
	Date-Added = {2015-02-24 14:26:11 +0000},
	Date-Modified = {2015-03-11 09:27:25 +0000},
	Note = {\href{http://physics.nist.gov/PhysRefData/XrayMassCoef/tab1.html}{http://physics.nist.gov/PhysRefData/XrayMassCoef/tab1.html}},
	Title = {{NIST: Tables of X-Ray Mass Attenuation Coefficients and Mass Energy-Absorption Coefficients}}}

@article{Schechter_1982,
	Author = {Schechter, J. and Valle, J. W. F.},
	Date-Added = {2015-02-24 14:25:56 +0000},
	Date-Modified = {2015-02-24 14:25:56 +0000},
	Issue = {11},
	Journal = {Phys. Rev. D},
	Month = {Jun},
	Pages = {2951--2954},
	Publisher = {American Physical Society},
	Title = {{Neutrinoless double-$\beta${}$ decay in SU(2)\ifmmode\times\else\texttimes\fi{}U(1) theories$}},
	Volume = {25},
	Year = {1982}}

@article{Bilenky_2010,
	Affiliation = {Joint Institute for Nuclear Research, Dubna, R-141980 Russia},
	Author = {Bilenky, S.},
	Date-Added = {2015-02-24 14:25:50 +0000},
	Date-Modified = {2015-03-02 13:44:51 +0000},
	Issue = {5},
	Journal = {Physics of Particles and Nuclei},
	Keyword = {Physics and Astronomy},
	Pages = {690--715},
	Publisher = {MAIK Nauka/Interperiodica distributed exclusively by Springer Science+Business Media LLC.},
	Title = {{Neutrinoless double beta-decay}},
	Volume = {41},
	Year = {2010}}

@article{KamLANDZen_2012,
	Author = {Gando, A. and others},
	Collaboration = {KamLAND-Zen Collaboration},
	Date-Added = {2015-02-24 14:25:29 +0000},
	Date-Modified = {2015-03-02 13:45:34 +0000},
	Issue = {4},
	Journal = {Phys. Rev. C},
	Numpages = {6},
	Pages = {045504},
	Publisher = {American Physical Society},
	Title = {{Measurement of the double-$\beta$ decay half-life of ${}^{136}$Xe with the KamLAND-Zen experiment}},
	Volume = {85},
	Year = {2012}}

@article{Avignone_2008,
	Author = {Avignone, Frank T. and Elliott, Steven R. and Engel, Jonathan},
	Date-Added = {2015-02-24 14:21:45 +0000},
	Date-Modified = {2015-02-24 14:21:45 +0000},
	Issue = {2},
	Journal = {Rev. Mod. Phys.},
	Pages = {481--516},
	Publisher = {American Physical Society},
	Title = {{Double beta decay, Majorana neutrinos, and neutrino mass}},
	Volume = {80},
	Year = {2008}}

@article{Elliott_2002,
	Author = {Elliott, Steven R. and Vogel, Petr},
	Date-Added = {2015-02-24 14:21:16 +0000},
	Date-Modified = {2015-03-02 13:41:55 +0000},
	Journal = {Ann. Rev. Nucl. Part. Sci.},
	Pages = {115--151},
	Title = {{Double Beta Decay}},
	Volume = {52},
	Year = {2002}}

@unpublished{Fujii,
	Author = {Fujii, Keisuke},
	Note = {(unpublished)},
	Title = {{Extended Kalman Filter}}}

@article{Wolin_1993,
	Author = {Wolin, E.J. and Ho, L.L.},
	Issn = {0168-9002},
	Journal = {Nucl. Instrum. Methods A},
	Note = {(FERMILAB-Pub-92/231)},
	Pages = {493},
	Title = {{Covariance matrices for track fitting with the Kalman filter}},
	Volume = {329},
	Year = {1993}}

@article{RPP_2012,
	Author = {Beringer, J. and others},
	Collaboration = {Particle Data Group},
	Doi = {10.1103/PhysRevD.86.010001},
	Issue = {1},
	Journal = {Phys. Rev. D},
	Month = {Jul},
	Numpages = {1528},
	Pages = {010001},
	Publisher = {American Physical Society},
	Title = {{Review of Particle Physics}},
	Url = {http://link.aps.org/doi/10.1103/PhysRevD.86.010001},
	Volume = {86},
	Year = {2012},
	Bdsk-Url-1 = {http://link.aps.org/doi/10.1103/PhysRevD.86.010001},
	Bdsk-Url-2 = {http://dx.doi.org/10.1103/PhysRevD.86.010001}}

@article{Alvarez:2012kua,
	Archiveprefix = {arXiv},
	Author = {\'Alvarez, V. and others},
	Collaboration = {NEXT Collaboration},
	Date-Modified = {2015-04-21 08:36:36 +0000},
	Eprint = {1211.4474},
	Journal = {Nucl.\ Instrum.\ Meth.\ A},
	Pages = {101-114},
	Primaryclass = {physics.ins-det},
	Slaccitation = {%%CITATION = ARXIV:1211.4474;%%},
	Title = {{Near-intrinsic energy resolution for 30 to 662 keV gamma rays in a high-pressure xenon electroluminescent TPC}},
	Volume = {708},
	Year = {2013},
	Bdsk-Url-1 = {http://dx.doi.org/10.1016/j.nima.2012.12.123}}

@article{Alvarez:2012xda,
	Archiveprefix = {arXiv},
	Author = {\'Alvarez, V. and others},
	Collaboration = {NEXT Collaboration},
	Date-Modified = {2015-04-21 08:36:24 +0000},
	Eprint = {1211.4838},
	Journal = {JINST},
	Pages = {P04002},
	Primaryclass = {physics.ins-det},
	Slaccitation = {%%CITATION = ARXIV:1211.4838;%%},
	Title = {{Initial results of NEXT-DEMO, a large-scale prototype of the NEXT-100 experiment}},
	Volume = {8},
	Year = {2013},
	Bdsk-Url-1 = {http://dx.doi.org/10.1088/1748-0221/8/04/P04002}}

@article{Alvarez:2012hu,
	Archiveprefix = {arXiv},
	Author = {\'Alvarez, V. and others},
	Collaboration = {NEXT Collaboration},
	Doi = {10.1088/1748-0221/8/05/P05025},
	Eprint = {1211.4508},
	Journal = {JINST},
	Pages = {P05025},
	Primaryclass = {physics.ins-det},
	Slaccitation = {%%CITATION = ARXIV:1211.4508;%%},
	Title = {{Ionization and scintillation response of high-pressure xenon gas to alpha particles}},
	Volume = {8},
	Year = {2013},
	Bdsk-Url-1 = {http://dx.doi.org/10.1088/1748-0221/8/05/P05025}}

@article{Alvarez:2013gxa,
	Archiveprefix = {arXiv},
	Author = {\'Alvarez, V. and others},
	Collaboration = {NEXT Collaboration},
	Date-Modified = {2015-04-21 08:36:46 +0000},
	Eprint = {1306.0471},
	Journal = {JINST},
	Pages = {P09011},
	Primaryclass = {physics.ins-det},
	Slaccitation = {%%CITATION = ARXIV:1306.0471;%%},
	Title = {{Operation and first results of the NEXT-DEMO prototype using a silicon photomultiplier tracking array}},
	Volume = {8},
	Year = {2013},
	Bdsk-Url-1 = {http://dx.doi.org/10.1088/1748-0221/8/09/P09011}}

@article{Lorca:2014sra,
	Archiveprefix = {arXiv},
	Author = {Lorca, D. and others},
	Collaboration = {NEXT Collaboration},
	Date-Modified = {2015-04-21 08:37:01 +0000},
	Eprint = {1407.3966},
	Journal = {JINST},
	Pages = {P10007},
	Primaryclass = {physics.ins-det},
	Slaccitation = {%%CITATION = ARXIV:1407.3966;%%},
	Title = {{Characterisation of NEXT-DEMO using xenon K$_{\alpha}$ X-rays}},
	Volume = {9},
	Year = {2014},
	Bdsk-Url-1 = {http://dx.doi.org/10.1088/1748-0221/9/10/P10007}}

@article{Granena:2009it,
	Archiveprefix = {arXiv},
	Author = {Gra\~nena, F. and others},
	Collaboration = {NEXT Collaboration},
	Eprint = {0907.4054},
	Primaryclass = {hep-ex},
	Title = {{NEXT, a HPGXe TPC for neutrinoless double beta decay searches (Letter of Intent)}},
	Year = {2009}}

@article{Alvarez:2011my,
	Archiveprefix = {arXiv},
	Author = {\'Alvarez, V. and others},
	Collaboration = {NEXT Collaboration},
	Eprint = {1106.3630},
	Primaryclass = {physics.ins-det},
	Title = {{The NEXT-100 experiment for neutrinoless double beta decay searches (Conceptual Design Report)}},
	Year = {2011}}

@article{Alvarez:2012sma,
	Archiveprefix = {arXiv},
	Author = {\'Alvarez, V. and others},
	Collaboration = {NEXT Collaboration},
	Doi = {10.1088/1748-0221/7/06/T06001},
	Eprint = {1202.0721},
	Journal = {JINST},
	Pages = {T06001},
	Primaryclass = {physics.ins-det},
	Slaccitation = {%%CITATION = ARXIV:1202.0721;%%},
	Title = {{NEXT-100 Technical Design Report (TDR): Executive Summary}},
	Volume = {7},
	Year = {2012},
	Bdsk-Url-1 = {http://dx.doi.org/10.1088/1748-0221/7/06/T06001}}

@article{Giachero:2014hva,
	Archiveprefix = {arXiv},
	Author = {Giachero, A. and others},
	Collaboration = {CUORE Collaboration},
	Eprint = {1410.7481},
	Primaryclass = {physics.ins-det},
	Slaccitation = {%%CITATION = ARXIV:1410.7481;%%},
	Title = {{The CUORE and CUORE-0 Experiments at Gran Sasso}},
	Year = {2014}}

@article{Alessandria:2011rc,
	Archiveprefix = {arXiv},
	Author = {Alessandria, F. and others},
	Collaboration = {CUORE Collaboration},
	Eprint = {1109.0494},
	Primaryclass = {nucl-ex},
	Slaccitation = {%%CITATION = ARXIV:1109.0494;%%},
	Title = {{Sensitivity of CUORE to neutrinoless double-beta decay}},
	Year = {2011}}

@article{Agostini:2013mzu,
	Archiveprefix = {arXiv},
	Author = {Agostini, M. and others},
	Collaboration = {GERDA Collaboration},
	Doi = {10.1103/PhysRevLett.111.122503},
	Eprint = {1307.4720},
	Journal = {Phys.\ Rev.\ Lett.},
	Number = {12},
	Pages = {122503},
	Primaryclass = {nucl-ex},
	Slaccitation = {%%CITATION = ARXIV:1307.4720;%%},
	Title = {{Results on neutrinoless double-$\beta$ decay of $^{76}$Ge from Phase I of the GERDA experiment}},
	Volume = {111},
	Year = {2013},
	Bdsk-Url-1 = {http://dx.doi.org/10.1103/PhysRevLett.111.122503}}

@article{Macolino:2014vya,
	Author = {Macolino, Carla},
	Collaboration = {GERDA Collaboration},
	Doi = {10.1088/1742-6596/556/1/012063},
	Journal = {J.\ Phys.\ Conf.\ Ser.},
	Pages = {012063},
	Slaccitation = {%%CITATION = 00462,556,012063;%%},
	Title = {{The GERDA experiment: results and perspectives}},
	Volume = {556},
	Year = {2014},
	Bdsk-Url-1 = {http://dx.doi.org/10.1088/1742-6596/556/1/012063}}

@article{Albert:2014awa,
	Archiveprefix = {arXiv},
	Author = {Albert, J.~B. and others},
	Collaboration = {EXO Collaboration},
	Doi = {10.1038/nature13432},
	Eprint = {1402.6956},
	Journal = {Nature},
	Pages = {229--234},
	Primaryclass = {nucl-ex},
	Slaccitation = {%%CITATION = ARXIV:1402.6956;%%},
	Title = {{Search for Majorana neutrinos with the first two years of EXO-200 data}},
	Volume = {510},
	Year = {2014},
	Bdsk-Url-1 = {http://dx.doi.org/10.1038/nature13432}}

@article{Gando:2012zm,
	Archiveprefix = {arXiv},
	Author = {Gando, A. and others},
	Collaboration = {KamLAND-Zen Collaboration},
	Doi = {10.1103/PhysRevLett.110.062502},
	Eprint = {1211.3863},
	Journal = {Phys.\ Rev.\ Lett.},
	Pages = {062502},
	Primaryclass = {hep-ex},
	Slaccitation = {%%CITATION = ARXIV:1211.3863;%%},
	Title = {{Limit on neutrinoless $\beta\beta$ decay of Xe-136 from the first phase of KamLAND-Zen and comparison with the positive claim in Ge-76}},
	Volume = {110},
	Year = {2013},
	Bdsk-Url-1 = {http://dx.doi.org/10.1103/PhysRevLett.110.062502}}

@article{Asakura:2014lma,
	Archiveprefix = {arXiv},
	Author = {Asakura, K. and others},
	Collaboration = {KamLAND-Zen Collaboration},
	Eprint = {1409.0077},
	Primaryclass = {physics.ins-det},
	Slaccitation = {%%CITATION = ARXIV:1409.0077;%%},
	Title = {{Results from KamLAND-Zen}},
	Year = {2014}}

@article{Abgrall:2013rze,
	Archiveprefix = {arXiv},
	Author = {Abgrall, N. and others},
	Collaboration = {Majorana Collaboration},
	Doi = {10.1155/2014/365432},
	Eprint = {1308.1633},
	Journal = {Adv.\ High Energy Phys.},
	Pages = {365432},
	Primaryclass = {physics.ins-det},
	Reportnumber = {LA-UR-13-24815},
	Slaccitation = {%%CITATION = ARXIV:1308.1633;%%},
	Title = {{The {\scshape Majorana Demonstrator} neutrinoless double-beta decay experiment}},
	Volume = {2014},
	Year = {2014},
	Bdsk-Url-1 = {http://dx.doi.org/10.1155/2014/365432}}

@article{Biller:2014eha,
	Archiveprefix = {arXiv},
	Author = {Biller, Steven},
	Collaboration = {SNO+ Collaboration},
	Eprint = {1405.3401},
	Primaryclass = {physics.ins-det},
	Slaccitation = {%%CITATION = ARXIV:1405.3401;%%},
	Title = {{SNO+ with tellurium}},
	Year = {2014}}

@article{Guzowski:2014ina,
	Author = {Guzowski, Pawel},
	Collaboration = {NEMO Collaboration},
	Journal = {PoS},
	Pages = {517},
	Slaccitation = {%%CITATION = POSCI,EPS-HEP2013,517;%%},
	Title = {{Results of NEMO-3 and status of SuperNEMO}},
	Volume = {EPS-HEP2013},
	Year = {2013}}
